@Inbook{ref1,
	author="Michael Artin",
	editor="",
	title="Algebra",
	bookTitle="",
	year="2017",
	publisher="Pearson",
	address="",
	pages="",
	isbn="978-0134689609",
	doi="",
	url=""}


